<marc:record xmlns:marc="http://www.loc.gov/MARC21/slim" xmlns:xsi="http://www.w3.org/2001/XMLSchema-instance" xsi:schemaLocation="http://www.loc.gov/MARC21/slim http://www.loc.gov/standards/marcxml/schema/MARC21slim.xsd">
<marc:leader>00447nam a2200181   45 0</marc:leader>
<marc:controlfield tag="001">1140134</marc:controlfield>
<marc:controlfield tag="003">NL-AMISG</marc:controlfield>
<marc:controlfield tag="005">20040729091548.0</marc:controlfield>
<marc:controlfield tag="008">200407s2003uuuune |||||||||||||||||dut d</marc:controlfield>
<marc:datafield ind1="1" ind2="0" tag="020">
<marc:subfield code="a">90-6305-095-X</marc:subfield>
</marc:datafield>
<marc:datafield ind1=" " ind2=" " tag="035">
<marc:subfield code="a">(IISG)IISGb10929691</marc:subfield>
</marc:datafield>
<marc:datafield ind1=" " ind2=" " tag="040">
<marc:subfield code="a">NL-AmISG</marc:subfield>
</marc:datafield>
<marc:datafield ind1="0" ind2=" " tag="041">
<marc:subfield code="a">dut</marc:subfield>
</marc:datafield>
<marc:datafield ind1=" " ind2=" " tag="044">
<marc:subfield code="a">ne</marc:subfield>
</marc:datafield>
<marc:datafield ind1="1" ind2=" " tag="100">
<marc:subfield code="0">(NL-AMISG)10685</marc:subfield>
<marc:subfield code="a">Ancona, Hedy d'</marc:subfield>
<marc:subfield code="b">c</marc:subfield>
<marc:subfield code="d">e</marc:subfield>
<marc:subfield code="f">k</marc:subfield>
<marc:subfield code="l">m</marc:subfield>
<marc:subfield code="n">o</marc:subfield>
<marc:subfield code="p">q</marc:subfield>
<marc:subfield code="r">s</marc:subfield>
<marc:subfield code="t">v</marc:subfield>
<marc:subfield code="x">y</marc:subfield>
<marc:subfield code="z"/></marc:datafield>
<marc:datafield ind1="1" ind2="4" tag="245">
<marc:subfield code="a">Het persoonlijke is politiek /</marc:subfield>
<marc:subfield code="c">Hedy d'Ancona.</marc:subfield>
</marc:datafield>
<marc:datafield ind1=" " ind2=" " tag="260">
<marc:subfield code="a">Amsterdam [etc.] :</marc:subfield>
<marc:subfield code="b">Archipel,</marc:subfield>
<marc:subfield code="c">2003</marc:subfield>
</marc:datafield>
<marc:datafield ind1=" " ind2=" " tag="300">
<marc:subfield code="a">158 p.</marc:subfield>
</marc:datafield>
<marc:datafield ind1="1" ind2="4" tag="600">
<marc:subfield code="0">(NL-AMISG)10685</marc:subfield>
<marc:subfield code="a">Ancona, Hedy d'</marc:subfield>
<marc:subfield code="b">c</marc:subfield>
<marc:subfield code="d">e</marc:subfield>
<marc:subfield code="f">k</marc:subfield>
<marc:subfield code="l">m</marc:subfield>
<marc:subfield code="n">o</marc:subfield>
<marc:subfield code="p">q</marc:subfield>
<marc:subfield code="r">s</marc:subfield>
<marc:subfield code="t">v</marc:subfield>
<marc:subfield code="x">y</marc:subfield>
<marc:subfield code="z"/></marc:datafield>
<marc:datafield ind1="4" ind2=" " tag="852">
<marc:subfield code="a">IISG</marc:subfield>
<marc:subfield code="b">IISG</marc:subfield>
<marc:subfield code="c">IISG</marc:subfield>
<marc:subfield code="j">2004/5122</marc:subfield>
<marc:subfield code="n">Available</marc:subfield>
<marc:subfield code="p">N10668939</marc:subfield>
</marc:datafield>
<marc:datafield ind1=" " ind2=" " tag="901">
<marc:subfield code="a">1140134</marc:subfield>
<marc:subfield code="b">Unknown</marc:subfield>
<marc:subfield code="c">1140134</marc:subfield>
<marc:subfield code="t">biblio</marc:subfield>
</marc:datafield>
<marc:datafield ind1=" " ind2=" " tag="902">
<marc:subfield code="a">10622/F51888BE-1C2F-426D-B348-274D8E412600</marc:subfield>
</marc:datafield></marc:record>